%文献引用格式可以用谷歌学术搜索复制bib引用格式，以下列举期刊、会议、网络三种引用格式供参考
%期刊类论文引用格式
@article{ma2021facial,
  title={Facial Expression Recognition with Visual Transformers and Attentional Selective Fusion},
  author={Ma, Fuyan and Sun, Bin and Li, Shutao},
  journal={IEEE Transactions on Affective Computing},
  year={2021},
  publisher={IEEE}
}
%会议类文章
@inproceedings{sanchez2007implementing,
  title={Implementing signatures for transactional memory},
  author={Sanchez, Daniel and Yen, Luke and Hill, Mark D and Sankaralingam, Karthikeyan},
  booktitle={Microarchitecture, 2007. MICRO 2007. 40th Annual IEEE/ACM International Symposium on},
  pages={123--133},
  year={2007},
  organization={IEEE}
}

%网络内容引用
@misc{sspfd,
    author = "Vasileios Trigonakis",
    title = "SSPFD",
    howpublished = "Website",
    note = {\url{https://github.com/trigonak/sspfd}},
}



